<record><leader>00000cas a2200000 a 4500</leader><controlfield tag="001">12224853</controlfield><controlfield tag="008">850702d18651926miuwr ne      0    0eng c</controlfield><datafield ind1=" " ind2=" " tag="010"><subfield code="a">sn 85033743 </subfield></datafield><datafield ind1=" " ind2=" " tag="040"><subfield code="a">NPU</subfield><subfield code="b">eng</subfield><subfield code="c">NPU</subfield><subfield code="d">NPX</subfield><subfield code="d">MGN</subfield><subfield code="d">MHN</subfield><subfield code="d">OCL</subfield><subfield code="d">OCLCQ</subfield><subfield code="d">OCLCF</subfield><subfield code="d">OCLCO</subfield></datafield><datafield ind1="1" ind2=" " tag="029"><subfield code="a">AU@</subfield><subfield code="b">000020379321</subfield></datafield><datafield ind1=" " ind2=" " tag="042"><subfield code="a">pcc</subfield></datafield><datafield ind1=" " ind2=" " tag="043"><subfield code="a">n-us-mi</subfield></datafield><datafield ind1="0" ind2="0" tag="245"><subfield code="a">Isabella County enterprise.</subfield></datafield><datafield ind1="1" ind2="3" tag="246"><subfield code="a">Isabella enterprise</subfield></datafield><datafield ind1=" " ind2=" " tag="260"><subfield code="a">Mount Pleasant, Mich. :</subfield><subfield code="b">Albert Fox</subfield></datafield><datafield ind1=" " ind2=" " tag="300"><subfield code="a">v. ;</subfield><subfield code="c">56 cm.</subfield></datafield><datafield ind1=" " ind2=" " tag="310"><subfield code="a">Weekly</subfield></datafield><datafield ind1="1" ind2=" " tag="362"><subfield code="a">Began in 1865.</subfield></datafield><datafield ind1="0" ind2=" " tag="362"><subfield code="a">-v. 49, no. 20 (Apr. 18, 1913) ; 49th yr., no. 21 (Mar. 25, 1913)-62nd yr., no. 37 (Aug. 27, 1926).</subfield></datafield><datafield ind1=" " ind2=" " tag="500"><subfield code="a">"County" appears in small type above the title ornament, &lt;Mar.-Sept. 1876&gt;.</subfield></datafield><datafield ind1=" " ind2=" " tag="500"><subfield code="a">Editor: James W. Long, &lt;1876&gt;.</subfield></datafield><datafield ind1=" " ind2=" " tag="500"><subfield code="a">Publishers: Albert Fox, &lt;1873&gt;; J.R. Doughty, &lt;1876&gt;.</subfield></datafield><datafield ind1=" " ind2=" " tag="500"><subfield code="a">Republican, &lt;1876&gt;.</subfield></datafield><datafield ind1=" " ind2=" " tag="515"><subfield code="a">Issue also called: &lt;Vol. 4, no. 25 (Aug. 13, 1868) = New. ser., v. 1, no. 17&gt;-&lt;v. 4, no. 32 (Oct. 1, 1868) = New ser., v. 1, no. 24&gt;.</subfield></datafield><datafield ind1=" " ind2=" " tag="580"><subfield code="a">Continues: Pioneer (Mount Pleasant, Mich.) (non-extant?). Cf. Hist. of the press of Mich., 1876.</subfield></datafield><datafield ind1=" " ind2=" " tag="580"><subfield code="a">Merged with: Mount Pleasant times (Mount Pleasant, Mich.), to form: Mount Pleasant times and Isabella County enterprise.</subfield></datafield><datafield ind1=" " ind2=" " tag="588"><subfield code="a">Description based on: Vol. 4, no. 25 (Aug. 13, 1868) = New ser., v. 1, no. 17.</subfield></datafield><datafield ind1=" " ind2="0" tag="651"><subfield code="a">Mount Pleasant (Mich.)</subfield><subfield code="v">Newspapers.</subfield></datafield><datafield ind1=" " ind2="0" tag="651"><subfield code="a">Isabella County (Mich.)</subfield><subfield code="v">Newspapers.</subfield></datafield><datafield ind1=" " ind2="7" tag="655"><subfield code="a">Newspapers.</subfield><subfield code="2">fast</subfield><subfield code="0">(OCoLC)fst01423814</subfield></datafield><datafield ind1=" " ind2="7" tag="651"><subfield code="a">Michigan</subfield><subfield code="z">Isabella County.</subfield><subfield code="2">fast</subfield><subfield code="0">(OCoLC)fst01220096</subfield></datafield><datafield ind1=" " ind2="7" tag="651"><subfield code="a">Michigan</subfield><subfield code="z">Mount Pleasant.</subfield><subfield code="2">fast</subfield><subfield code="0">(OCoLC)fst01233290</subfield></datafield><datafield ind1=" " ind2=" " tag="752"><subfield code="a">United States</subfield><subfield code="b">Michigan</subfield><subfield code="c">Isabella</subfield><subfield code="d">Mount Pleasant.</subfield></datafield><datafield ind1="1" ind2="0" tag="780"><subfield code="t">Pioneer (Mount Pleasant, Mich.)</subfield></datafield><datafield ind1="1" ind2="7" tag="785"><subfield code="t">Mount Pleasant times (Mount Pleasant, Mich.)</subfield><subfield code="w">(DLC)sn 89080041</subfield><subfield code="w">(OCoLC)22399461</subfield></datafield><datafield ind1="1" ind2="7" tag="785"><subfield code="t">Mount Pleasant times and Isabella County enterprise</subfield><subfield code="w">(DLC)sn 89080042</subfield><subfield code="w">(OCoLC)22399461</subfield></datafield></record>